@book{Baker,
 author = {Baker, R. Jacob},
 title = {CMOS Circuit Design, Layout, and Simulation},
 year = {2010},
 isbn = {0470881321, 9780470881323},
 edition = {3a},
 publisher = {Wiley-IEEE Press}
}

@book{Alley,
 author = {Alley, Charles L.},
 title = {Ingeniería Electrónica},
 year = {1981},
 isbn = {968180967},
 edition = {3a},
 publisher = {Limusa}
}

@book{Weste,
 author = {Weste, Neil y Harris, David},
 title = {CMOS VLSI Design: A Circuits and Systems Perspective},
 year = {2010},
 isbn = {0321547748, 9780321547743},
 edition = {4a},
 publisher = {Addison-Wesley Publishing Company},
 address = {USA}
} 

@book{Maloberti,
  title={Analog Design for CMOS VLSI Systems},
  author={Maloberti, F.},
  isbn={9780792375500},
  lccn={2001050299},
  series={The Kluwer international series in engineering and computer science.VLSI, computer architecture and digital signal processing},
  url={http://books.google.com.mx/books?id=hITYEAMMWgwC},
  year={2001},
  publisher={Springer}
}

@book{Rabaey,
 author = {Rabaey, Jan M.},
 title = {Digital Integrated Circuits: A Design Perspective},
 year = {1996},
 isbn = {0-13-178609-1},
 publisher = {Prentice-Hall, Inc.},
 address = {Upper Saddle River, NJ, USA}
} 

@book{Tocci,
  title={Digital Systems: Principles and Applications},
  author={Tocci, R.J. and Widmer, N.S. and Moss, G.L.},
  isbn={9780130387936},
  url={http://books.google.com.mx/books?id=T7alcQAACAAJ},
  year={2011},
  publisher={Pearson Education, Limited}
}

@book{Sedra,
 author = {Sedra, Adel S. and Smith, Kenneth C.},
 title = {Microelectronic Circuits Revised Edition},
 year = {2007},
 isbn = {0195338839, 9780195338836},
 edition = {5a},
 publisher = {Oxford University Press, Inc.},
 address = {New York, NY, USA}
}

@book{Stefanovic,
  title={Structured Analog CMOS Design},
  author={Stefanovi{\'c}, D.},
  url={http://books.google.com.mx/books?id=AorjSAAACAAJ},
  publisher = {Springer},
  isbn = {978-1-4020-8572-7},
  year={2008}
}

@book{Bbrown,
  title={Fundamentals of digital logic with VHDL design},
  author={Brown, S.D. and Vranesic, Z.G.},
  isbn={978-0-07-352953-0},
  edition={3a},
  url={http://books.google.com.mx/books?id=CDpGAQAAIAAJ},
  year={2009},
  publisher={McGraw-Hill}
}